%exemplo
@article{einstein,
  author =       "Albert Einstein",
  title =        "{Zur Elektrodynamik bewegter K{\"o}rper}. ({German})
                 [{On} the electrodynamics of moving bodies]",
  journal =      "Annalen der Physik",
  volume =       "322",
  number =       "10",
  pages =        "891--921",
  year =         "1905",
  DOI =          "http://dx.doi.org/10.1002/andp.19053221004"
}

@book{latexcompanion,
    author    = "Michel Goossens and Frank Mittelbach and Alexander Samarin",
    title     = "The \LaTeX\ Companion",
    year      = "1993",
    publisher = "Addison-Wesley",
    address   = "Reading, Massachusetts"
}
 
@misc{knuthwebsite,
    author    = "Donald Knuth",
    title     = "Knuth: Computers and Typesetting",
    url       = "http://www-cs-faculty.stanford.edu/\~{}uno/abcde.html"
}
%exemplo
@BOOK{Dalton,
	AUTHOR =       "D. F. Andrade and H. R. Tavares and R. C. Valle",
    TITLE =        "Teoria da Resposta ao Item: Conceitos e Aplicações",
    PUBLISHER =    " ABE - Associação Brasileira de Estatística",
    YEAR =         "2000",
    address = "São Paulo"
}

@Manual{LDB,
  Title            = {LEI Nº 9.394},
  Organization     = {Brasil. {Estabelece as diretrizes e bases da educação nacional}},
  Edition           = {},
  Address             = {Brasília},
  %Year                  = {20 de dezembro de 1996},
  Note                   = {Diário Oficial da União, 20 de dez. 1996}
}

@ARTICLE{Spearman,
	AUTHOR =       "C. Spearman",
	TITLE =        {``General Intelligence'', objectively determined and measured},
	JOURNAL =      "The American Journal of Psychology",
	YEAR =         "2010",
	volume =       "15",
	number =       "2",
	pages =        "201-292"
	%adress = "São Paulo"
}

@ARTICLE{Pasquali,
	AUTHOR =       "Luiz Pasquali and Ricardo Primi",
	TITLE =        "Basic Theory of Item Response Theory – IRTL",
	JOURNAL =      "Revista Brasileira de Psiquiatria",
	YEAR =         "2003",
	volume =       "2",
	number =       "2",
	pages =        "99-110",
	%address = "São Paulo",
	%url = "http://pepsic.bvsalud.org/pdf/avp/v2n2/v2n2a02.pdf"
}



@ARTICLE{Araujo,
	AUTHOR =       "E. A. C. Araujo and D. F. Andrade and S. L. V. Bortolotti",
	TITLE =        "Teoria da Resposta ao Item",
	JOURNAL =      "Revista da Escola de Enfermagem da USP",
	YEAR =         "2009",
	volume =       "43",
	number =       "2",
	pages =        "273-286",
	address = "São Paulo"
}

@ARTICLE{George,
	AUTHOR =       "George Karabatsos",
	TITLE =        "The Rasch Model, Additive Conjoint Measurement, and New Models of Probabilistic Measurement Theory",
	JOURNAL =      "JOURNAL OF APPLIED MEASUREMENT",
	YEAR =         "2001",
	volume =       "2",
	number =       "4",
	pages =        "389–423",
	%adress = "São Paulo"
}
@ARTICLE{Thurstone,
	AUTHOR =       "LL. Thurstone",
	TITLE =        "A Law of comparative judgment",
	JOURNAL =      "Psychological Review",
	YEAR =         "1927",
	volume =       "34",
	number =       "2",
	pages =        "273-286",
	%adress = "São Paulo"
}


@ARTICLE{OLIVEIRA,
	AUTHOR =       "Marcos Marques de OLIVEIRA",
	TITLE =        " As origens da educação no Brasil da hegemonia católica às primeiras tentativas de organização do ensino",
	JOURNAL =      "A revista Ensaio: Avaliação e Políticas Públicas em Educação",
	YEAR =         "2004",
	volume =       "12",
	number =       "45",
	pages =        "945-958",
	address = "Rio de Janeiro"
}


@ARTICLE{Birnbaum,
	AUTHOR =       "A. Birnbaum",
	TITLE =        "Some latent trait models and their use in inferring and examinee's ability. In: Lord FM, Novick MR. Statistical theories of mental test scores:",
	JOURNAL =      "Addison-Wesley",
	YEAR =         "1968",
	volume =       "",
	number =       "",
	pages =        "397-479",
	address = "Reading,MA"
}
@ARTICLE{Novick,
	AUTHOR =       "F. M. Lord and M. R. Novick",
	TITLE =        "Statistical theories of mental test scores",
	JOURNAL =      " Addison-Wesley",
	YEAR =         "1968",
	volume =       "",
	number =       "",
	pages =        "",
	address = "Reading,MA"
}
@ARTICLE{Lord,
	AUTHOR =       "F. Lord",
	TITLE =        "A theory of test scores",
	JOURNAL =      "Psychometric Monographs",
	YEAR =         "1952",
	volume =       "7",
	number =       "x",
	pages =        "84",
	adress = "São Paulo"
}
@ARTICLE{MOREIRAJUNIOR,
	AUTHOR =       "F. J. {MOREIRA JUNIOR}",
	TITLE =        "Aplicações da Teoria da Resposta ao Item (TRI) no Brasil",
	JOURNAL =      "Rev. Bras. Biom.",
	YEAR =         "2010",
	volume =       "28",
	number =       "4",
	pages =        "137-170",
	adress = "São Paulo"
}

@ARTICLE{Takuno,
	AUTHOR =       "Ebenezer Takuno de MENEZES and Thais Helena dos SANTOS",
	TITLE =        "Verbete avaliação somativa. Dicionário Interativo da Educação Brasileira",
	JOURNAL =      "Educabrasil",
	address = "São Paulo",
	url = "$http://www.educabrasil.com.br/avaliacao-somativa$"
}

@ARTICLE{Ronald,
	AUTHOR =       "Ronald K. Hambleton and Russell W. Jones",
	TITLE =        "Comparison of Classical Test Theory and Item Response Theory and Their Applications to Test Development",
	JOURNAL =      "Educational Measurement: Issues and Practice",
	YEAR =         "1993",
	volume =       "12",
	number =       "3",
	pages =        "38-47"
}

@ARTICLE{Gleiber,
	AUTHOR =       "Gleiber Couto and Ricardo Primi",
	TITLE =        "Teoria de resposta ao item (TRI): Conceitos elementares dos modelos para itens dicotômicos",
	JOURNAL =      "Bol. psicol",
	YEAR =         "2011",
	volume =       "61",
	number =       "134",
	pages =        "35-56",
	address = "São Paulo"
}

@ARTICLE{Klein,
	AUTHOR =       "Ruben Klein",
	TITLE =        "Alguns aspectos da Teoria de Resposta ao Item relativos à estimação das proficiências",
	JOURNAL =      "Ensaio: Avaliação e Políticas Públicas em Educação",
	YEAR =         "2013",
	volume =       "21",
	number =       "78",
	pages =        "35-56"
}

@BOOK{James,
	AUTHOR =       "James R. Morrow and Allen W. Jackson and James G. Disch and Dale P. Mood ",
    TITLE =        "Introdução aos Testes e Medidas em Desempenho Humano",
    PUBLISHER =    "Artmed",
    YEAR =         "2014",
    %address = "New York"
    edition = "4"
}


@BOOK{Hamblenton,
	AUTHOR =       "Wim J. {van der Linden} and Ronald K. Hambleton",
    TITLE =        "Handbook of Modern Item Response Theory",
    PUBLISHER =    "Springer-Verlag",
    YEAR =         "1997",
    address = "New York"
   % edition = "2"
}


@BOOK{Sonia,
	AUTHOR =       "Sonia Maria Barros Barbosa Correa",
    TITLE =        "Probabilidade e estatística",
    PUBLISHER =    "PUC Minas Virtual",
    YEAR =         "2003",
    edition = "2",
    address = " Belo Horizonte"
}


@BOOK{Baker,
	AUTHOR =       "Frank B. Baker and Seock-Ho Kim",
    TITLE =        "Item Response Theory: Parameter Estimation Techniques",
    PUBLISHER =    "Marcel Dekker",
    YEAR =         "2004",
    edition = "2"
}

@misc{JessicaMaria,
	author  = "Jéssica Maria Afonso SILVA",
	title   = "Modelo de Teoria de Resposta ao Item considerando efeitos de ansiedade",
	note    = "Monografia (Curso de Estatística), UFJF (Universidade Federal de Juiz de Fora), Juiz de Fora, Brasil",
	year    = "2013"
}

@misc{Ribeiro,
	author  = "Héliton Ribeiro Tavares",
	title   = "TEORIA DA RESPOSTA AO ITEM PARA DADOS LONGITUDINAIS",
	note    = "Tese (Curso de Estatística), UNIVERSIDADE DE SAO PAULO, São Paulo",
	year    = "2001"
}

@misc{Francisco,
	author  = "Francisco Edmilson Fernandes da Silva",
	title   = "Teoria de resposta ao Item (TRI) em Avaliações de Matématica na EEM Professor Gabriel Epifanio dos Reis",
	note    = "Monografia (Curso de Estatística), UNIVERSIDADE FEDERAL RURAL DO SEMIÁRIDO, Mossoró",
	year    = "2015"
}

@misc{Chong,
	author  = "Chong Ho Yu",
	title   = "A Simple Guide to the Item Response Theory (IRT) and Rasch Modeling",
	note    = "",
	year    = "2017"
}
